@Article{Kopp:2006wp,
     author    = "Kopp, Joachim",
     title     = "{Efficient numerical diagonalization of hermitian $3 \times 3$
                  matrices}",
     journal   = "Int. J. Mod. Phys.",
     volume    = "C19",
     year      = "2008",
     pages     = "523-548",
     eprint    = "physics/0610206",
     archivePrefix = "arXiv",
     doi       = "10.1142/S0129183108012303",
     SLACcitation  = "%%CITATION = PHYSICS/0610206;%%",
     note      = "Erratum ibid.\ {\bf C19} (2008) 845",
     keywords     = "Numerical analysis",
     memo         = "",
}

@article{Brdar:2017kbt,
      author         = "Brdar, Vedran and Kopp, Joachim and Liu, Jia and Prass,
                        Pascal and Wang, Xiao-Ping",
      title          = "{Fuzzy Dark Matter and Non-Standard Neutrino
                        Interactions}",
      year           = "2017",
      eprint         = "1705.09455",
      archivePrefix  = "arXiv",
      primaryClass   = "hep-ph",
      reportNumber   = "MITP-17-037",
      SLACcitation   = "%%CITATION = ARXIV:1705.09455;%%",
      keywords       = "Dark matter, Fuzzy DM, Non-standard neutrino interactions",
      memo           = "",
}

@article{Berlin:2016woy,
    author         = "Berlin, Asher",
    title          = "{Neutrino Oscillations as a Probe of Light Scalar Dark
                      Matter}",
    journal        = "Phys. Rev. Lett.",
    volume         = "117",
    year           = "2016",
    number         = "23",
    pages          = "231801",
    doi            = "10.1103/PhysRevLett.117.231801",
    eprint         = "1608.01307",
    archivePrefix  = "arXiv",
    primaryClass   = "hep-ph",
    SLACcitation   = "%%CITATION = ARXIV:1608.01307;%%"
}

@article{Krnjaic:2017zlz,
    author         = "Krnjaic, Gordan and Machado, Pedro A. N. and Necib, Lina",
    title          = "{Distorted neutrino oscillations from time varying cosmic
                      fields}",
    journal        = "Phys. Rev.",
    volume         = "D97",
    year           = "2018",
    number         = "7",
    pages          = "075017",
    doi            = "10.1103/PhysRevD.97.075017",
    eprint         = "1705.06740",
    archivePrefix  = "arXiv",
    primaryClass   = "hep-ph",
    reportNumber   = "FERMILAB-PUB-17-136-PPD, MIT-CTP-4908",
    SLACcitation   = "%%CITATION = ARXIV:1705.06740;%%"
}

